@misc{web:wikipediamstsegmentation,
    title = {Wikipedia - Minimum spanning tree-based segmentation},
    url = {http://en.wikipedia.org/wiki/Minimum_spanning_tree-based_segmentation},
    urldate = {2013-02-01},
    howpublished = {\url{http://en.wikipedia.org/wiki/Minimum_spanning_tree-based_segmentation}},
    note = {Accessed 2013-02-01.},
}

@article{olena2010,
author = {Olena Tankyevych},
title = {Filtering of thin objects. Applications to vascular image analysis.},
keywords = {[INFO] Computer Science; Angiographie; Filtrage directionnel; Rehaussement de vaisseaux; Filtrage multi-échelle; Détéction d'objets fins; Morphologie adaptative; PhD thesis},
url = {http://hal.archives-ouvertes.fr/docs/00/60/72/48/PDF/TH2010PEST1041_complete.pdf},
year = {2010},
}
